@article{ref:SparkSQL,
	 author = {Armbrust, Michael and Xin, Reynold S. and Lian, Cheng and Huai, Yin and Liu, Davies and Bradley, Joseph K. and Meng, Xiangrui and Kaftan, Tomer and Franklin, Michael J. and Ghodsi, Ali and Zaharia, Matei},
	 title = {Spark SQL: Relational Data Processing in Spark},
	 booktitle = {Proceedings of the 2015 ACM SIGMOD International Conference on Management of Data},
	 series = {SIGMOD '15},
	 year = {2015},
	 isbn = {978-1-4503-2758-9},
	 pages = {1383--1394},
	 numpages = {12},
	 url = {http://doi.acm.org/10.1145/2723372.2742797},
	 doi = {10.1145/2723372.2742797},
	 acmid = {2742797},
	 publisher = {ACM},
	 address = {New York, NY, USA},
	 keywords = {data warehouse, databases, hadoop, machine learning, spark},
} 

@misc{ref:UKDataSets,
	title = {UK Open Data},
	howpublished = { \url{https://data.gov.uk/} },
}


