@article{ref:SparkSQL,
	 author = {Armbrust, Michael and Xin, Reynold S. and Lian, Cheng and Huai, Yin and Liu, Davies and Bradley, Joseph K. and Meng, Xiangrui and Kaftan, Tomer and Franklin, Michael J. and Ghodsi, Ali and Zaharia, Matei},
	 title = {Spark SQL: Relational Data Processing in Spark},
	 booktitle = {Proceedings of the 2015 ACM SIGMOD International Conference on Management of Data},
	 series = {SIGMOD '15},
	 year = {2015},
	 isbn = {978-1-4503-2758-9},
	 pages = {1383--1394},
	 numpages = {12},
	 url = {http://doi.acm.org/10.1145/2723372.2742797},
	 doi = {10.1145/2723372.2742797},
	 acmid = {2742797},
	 publisher = {ACM},
	 address = {New York, NY, USA},
	 keywords = {data warehouse, databases, hadoop, machine learning, spark},
}


@article{ref:ZaliQL,
 author = {Salimi, Babak and Cole, Corey and Ports, Dan R. K. and Suciu, Dan},
 title = {ZaliQL: Causal Inference from Observational Data at Scale},
 journal = {Proc. VLDB Endow.},
 issue_date = {August 2017},
 volume = {10},
 number = {12},
 month = aug,
 year = {2017},
 issn = {2150-8097},
 pages = {1957--1960},
 numpages = {4},
 url = {https://doi.org/10.14778/3137765.3137818},
 doi = {10.14778/3137765.3137818},
 acmid = {3137818},
 publisher = {VLDB Endowment},
} 

@article {ref:CEM,
	title = {Causal Inference Without Balance Checking: Coarsened Exact Matching},
	journal = {Political Analysis},
	volume = {20},
	number = {1},
	year = {2012},
	pages = {1--24},
	url = {https://www.cambridge.org/core/journals/political-analysis/article/causal-inference-without-balance-checking-coarsened-exact-matching/5ABCF5B3FC3089A87FD59CECBB3465C0},
	author = {Stefano M. Iacus and Gary King and Giuseppe Porro}
}

@misc{ref:UKDataSets,
	title = {UK Open Data},
	howpublished = { \url{https://data.gov.uk/} },
}

@misc{ref:UKStats,
	title = {UK Office of National Statistics},
	howpublished = { \url{https://ons.gov.uk/} },
}

@article{ref:LinReg,
	 author = {Pourhoseingholi, Mohamad Amin and Baghestani, Ahmad Reza and Vahedi, Mohsen},
	 title = {How to control confounding effects by statistical analysis},
	 booktitle = {Gastroenterol Hepatol Bed Bench},
	 year = {2012},
	 isbn = {978-1-4503-2758-9},
	 pages = {79--83},
	 numpages = {4},
	 url = {https://www.ncbi.nlm.nih.gov/pmc/articles/PMC4017459},
	 PMID= 24834204,
     PMCID= PMC4017459,
	 publisher = {PubMed}
}

